% !Mode:: "TeX:UTF-8"

@string { this_year = "2024" } 
@string { today = this_year # "-4-16" } 
@string { misc_note = "Access: " # today } 

@article{tvlsi2023cva6,
  author  = {Sá, Bruno and Valente, Luca and Martins, José and Rossi, Davide and Benini, Luca and Pinto, Sandro},
  journal = {IEEE Transactions on Very Large Scale Integration (VLSI) Systems},
  title   = {CVA6 RISC-V Virtualization: Architecture, Microarchitecture, and Design Space Exploration},
  year    = {2023},
  pages   = {1713-1726},
  doi     = {10.1109/TVLSI.2023.3302837}
}

@article{itco2022rocket,
  author  = {Sá, Bruno and Martins, José and Pinto, Sandro},
  journal = {IEEE Transactions on Computers},
  title   = {A First Look at RISC-V Virtualization From an Embedded Systems Perspective},
  year    = {2022},
  pages   = {2177-2190},
  doi     = {10.1109/TC.2021.3124320}
}

@inproceedings{pdp2015xvisor,
  author    = {Patel, Anup and Daftedar, Mai and Shalan, Mohamed and El-Kharashi, M. Watheq},
  booktitle = {2015 23rd Euromicro International Conference on Parallel, Distributed, and Network-Based Processing},
  title     = {Embedded Hypervisor Xvisor: A Comparative Analysis},
  year      = {2015},
  pages     = {682-691},
  doi       = {10.1109/PDP.2015.108}
}

@inproceedings{micro2022xiangshan,
  author    = {Xu, Yinan and Yu, Zihao and Tang, Dan and Chen, Guokai and Chen, Lu and Gou, Lingrui and Jin, Yue and Li, Qianruo and Li, Xin and Li, Zuojun and Lin, Jiawei and Liu, Tong and Liu, Zhigang and Tan, Jiazhan and Wang, Huaqiang and Wang, Huizhe and Wang, Kaifan and Zhang, Chuanqi and Zhang, Fawang and Zhang, Linjuan and Zhang, Zifei and Zhao, Yangyang and Zhou, Yaoyang and Zhou, Yike and Zou, Jiangrui and Cai, Ye and Huan, Dandan and Li, Zusong and Zhao, Jiye and Chen, Zihao and He, Wei and Quan, Qiyuan and Liu, Xingwu and Wang, Sa and Shi, Kan and Sun, Ninghui and Bao, Yungang},
  booktitle = {2022 55th IEEE/ACM International Symposium on Microarchitecture (MICRO)},
  title     = {Towards Developing High Performance RISC-V Processors Using Agile Methodology},
  year      = {2022},
  pages     = {1178-1199},
  doi       = {10.1109/MICRO56248.2022.00080}
}

@inproceedings{asplso23manticore,
  author    = {Emami, Mahyar and Kashani, Sahand and Kamahori, Keisuke and Pourghannad, Mohammad Sepehr and Raj, Ritik and Larus, James R.},
  booktitle = {Proceedings of the 28th ACM International Conference on Architectural Support for Programming Languages and Operating Systems, Volume 4},
  title     = {Manticore: Hardware-Accelerated RTL Simulation with Static Bulk-Synchronous Parallelism},
  year      = {2024},
  pages     = {219–237},
  doi       = {10.1145/3623278.3624750}
}

@inproceedings{iccd2023remu,
  author    = {Chen, Yuxiao and Chang, Yisong and Zhang, Ke and Chen, Mingyu and Bao, Yungang},
  booktitle = {2023 IEEE 41st International Conference on Computer Design (ICCD)},
  title     = {REMU: Enabling Cost-Effiective Checkpointing and Deterministic Reply in FPGA-based Emulation},
  year      = {2023},
  pages     = {21-29},
  doi       = {10.1109/ICCD58817.2023.00014}
}

@inproceedings{ng-res2020bao,
  author    = {Martins, Jos\'{e} and Tavares, Adriano and Solieri, Marco and Bertogna, Marko and Pinto, Sandro},
  title     = {{Bao: A Lightweight Static Partitioning Hypervisor for Modern Multi-Core Embedded Systems}},
  booktitle = {Workshop on Next Generation Real-Time Embedded Systems (NG-RES 2020)},
  pages     = {3:1--3:14},
  series    = {Open Access Series in Informatics (OASIcs)},
  isbn      = {978-3-95977-136-8},
  issn      = {2190-6807},
  year      = {2020},
  volume    = {77},
  editor    = {Bertogna, Marko and Terraneo, Federico},
  publisher = {Schloss Dagstuhl -- Leibniz-Zentrum f{\"u}r Informatik},
  address   = {Dagstuhl, Germany},
  url       = {https://drops-dev.dagstuhl.de/entities/document/10.4230/OASIcs.NG-RES.2020.3},
  urn       = {urn:nbn:de:0030-drops-117795},
  doi       = {10.4230/OASIcs.NG-RES.2020.3},
  annote    = {Keywords: Virtualization, hypervisor, static partitioning, safety, security, real-time, embedded systems, Arm, RISC-V}
}

@online{qemu-riscv:H-ext,
  author       = {Francis, Alistair},
  title        = {Developing the RISC-V Hypervisor Extensions in QEMU},
  organization = {Western Digital},
  year         = {2020},
  url          = {https://riscv.org/news/2020/05/developing-the-risc-v-hypervisor-extensions-in-qemu-alistair-francis-western-digital/}
}

@article{armve2018,
  title  = {Isolation using virtualization in the Secure world, Secure world software architecture on Armv8.4},
  author = {{ARM Ltd}},
  year   = {2018}
}

@article{asanovic2014instruction,
  title   = {Instruction sets should be free: The case for risc-v},
  author  = {Asanovi{\'c}, Krste and Patterson, David A},
  journal = {EECS Department, University of California, Berkeley, Tech. Rep. UCB/EECS-2014-146},
  year    = {2014}
}

@online{kvm:H-ext,
  author       = {Siqi, Zhao},
  title        = {Trap-less Virtual Interrupt for KVM on RISC-V},
  organization = {Huawei Technologies Co., Ltd},
  year         = {2020},
  url          = {https://riscv.org/news/2020/12/trap-less-virtual-interrupt-for-kvm-on-risc-v-by-siqi-zhao-kvm-forum/}
}

@online{github:spike,
  title  = {Spike, a RISC-V ISA Simulator},
  author = {riscv-software-src},
  url    = {https://github.com/riscv-software-src/riscv-isa-sim},
  note   = misc_note
}

@online{github:verilator,
  title = {Verilator open-source SystemVerilog simulator and lint system},
  url   = {https://github.com/verilator/verilator},
  note  = misc_note
}

@online{github:iverilog,
  title  = {an implementation of the Verilog hardware description language compiler},
  author = {steveicarus},
  url    = {https://github.com/steveicarus/iverilog},
  note   = misc_note
}

@online{github:riscv-kvm,
  title = {Verilator open-source SystemVerilog simulator and lint system},
  url   = {https://github.com/verilator/verilator},
  note  = misc_note
}

@misc{AWS-EC2,
  title        = {Amazon EC2 F1 instances},
  author       = {{Amazon Web Services}},
  year         = {2023},
  urldate      = {2023-11-26},
  howpublished = {\url{https://aws.amazon.com/ec2/instance-types/f1}}
}

@article{intel-VT2005Computer,
  title    = {Intel virtualization technology},
  url      = {http://dx.doi.org/10.1109/mc.2005.163},
  doi      = {10.1109/mc.2005.163},
  journal  = {Computer},
  author   = {Uhlig, R. and Neiger, G. and Rodgers, D. and Santoni, A.L. and Martins, F.C.M. and Anderson, A.V. and Bennett, S.M. and Kagi, A. and Leung, F.H. and Smith, L.},
  year     = {2005},
  month    = {May},
  pages    = {48–56},
  language = {en-US}
}